@inproceedings{mcmahan2013ad,
  title={Ad click prediction: a view from the trenches},
  author={McMahan, H Brendan and Holt, Gary and Sculley, David and Young, Michael and Ebner, Dietmar and Grady, Julian and Nie, Lan and Phillips, Todd and Davydov, Eugene and Golovin, Daniel and others},
  booktitle={Proceedings of the 19th ACM SIGKDD international conference on Knowledge discovery and data mining},
  pages={1222--1230},
  year={2013},
  organization={ACM}
}

@inproceedings{zhu2010novel,
  title={A novel click model and its applications to online advertising},
  author={Zhu, Zeyuan Allen and Chen, Weizhu and Minka, Tom and Zhu, Chenguang and Chen, Zheng},
  booktitle={Proceedings of the third ACM international conference on Web search and data mining},
  pages={321--330},
  year={2010},
  organization={ACM}
}

@inproceedings{richardson2007predicting,
  title={Predicting clicks: estimating the click-through rate for new ads},
  author={Richardson, Matthew and Dominowska, Ewa and Ragno, Robert},
  booktitle={Proceedings of the 16th international conference on World Wide Web},
  pages={521--530},
  year={2007},
  organization={ACM}
}

@inproceedings{graepel2010web,
  title={Web-scale bayesian click-through rate prediction for sponsored search advertising in microsoft's bing search engine},
  author={Graepel, Thore and Candela, Joaquin Q and Borchert, Thomas and Herbrich, Ralf},
  booktitle={Proceedings of the 27th International Conference on Machine Learning (ICML-10)},
  pages={13--20},
  year={2010}
}

@inproceedings{mohan2011web,
  title={Web-Search Ranking with Initialized Gradient Boosted Regression Trees.},
  author={Mohan, Ananth and Chen, Zheng and Weinberger, Kilian Q},
  booktitle={Yahoo! Learning to Rank Challenge},
  pages={77--89},
  year={2011},
  organization={Citeseer}
}
@inproceedings{zhang2014optimal,
  title={Optimal real-time bidding for display advertising},
  author={Zhang, Weinan and Yuan, Shuai and Wang, Jun},
  booktitle={Proceedings of the 20th ACM SIGKDD international conference on Knowledge discovery and data mining},
  pages={1077--1086},
  year={2014},
  organization={ACM}
}
@inproceedings{he2014practical,
  title={Practical lessons from predicting clicks on ads at facebook},
  author={He, Xinran and Pan, Junfeng and Jin, Ou and Xu, Tianbing and Liu, Bo and Xu, Tao and Shi, Yanxin and Atallah, Antoine and Herbrich, Ralf and Bowers, Stuart and others},
  booktitle={Proceedings of 20th ACM SIGKDD Conference on Knowledge Discovery and Data Mining},
  pages={1--9},
  year={2014},
  organization={ACM}
}

@ONLINE{facebook2015,
  author = {Leon Bottou},
  title = {Two big challenges in machine learning},
  month = feb,
  year = 2015,
  url = {http://icml.cc/2015/invited/LeonBottouICML2015.pdf}
}


@article{lohr2012age,
  title={The age of big data},
  author={Lohr, Steve},
  journal={New York Times},
  volume={11},
  year={2012}
}
@inproceedings{torralba2011unbiased,
  title={Unbiased look at dataset bias},
  author={Torralba, Antonio and Efros, Alexei and others},
  booktitle={Computer Vision and Pattern Recognition (CVPR), 2011 IEEE Conference on},
  pages={1521--1528},
  year={2011},
  organization={IEEE}
}
@inproceedings{chu2011unbiased,
  title={Unbiased online active learning in data streams},
  author={Chu, Wei and Zinkevich, Martin and Li, Lihong and Thomas, Achint and Tseng, Belle},
  booktitle={Proceedings of the 17th ACM SIGKDD international conference on Knowledge discovery and data mining},
  pages={195--203},
  year={2011},
  organization={ACM}
}
@inproceedings{mcmahan2013ad,
  title={Ad click prediction: a view from the trenches},
  author={McMahan, H Brendan and Holt, Gary and Sculley, David and Young, Michael and Ebner, Dietmar and Grady, Julian and Nie, Lan and Phillips, Todd and Davydov, Eugene and Golovin, Daniel and others},
  booktitle={Proceedings of the 19th ACM SIGKDD international conference on Knowledge discovery and data mining},
  pages={1222--1230},
  year={2013},
  organization={ACM}
}

@article{zhang2014real,
  title={Real-Time Bidding Benchmarking with iPinYou Dataset},
  author={Zhang, Weinan and Yuan, Shuai and Wang, Jun},
  journal={arXiv preprint arXiv:1407.7073},
  year={2014}
}

@article{hoffman2000acquire,
  title={How to acquire customers on the web},
  author={Hoffman, Donna L and Novak, Thomas P},
  journal={Harvard business review},
  volume={78},
  number={3},
  pages={179--188},
  year={2000}
}



@book{quionero2009dataset,
  title={Dataset shift in machine learning},
  author={Quionero-Candela, Joaquin and Sugiyama, Masashi and Schwaighofer, Anton and Lawrence, Neil D},
  year={2009},
  publisher={The MIT Press}
}
@article{pan2010survey,
  title={A survey on transfer learning},
  author={Pan, Sinno Jialin and Yang, Qiang},
  journal={Knowledge and Data Engineering, IEEE Transactions on},
  volume={22},
  number={10},
  pages={1345--1359},
  year={2010},
  publisher={IEEE}
}

@inproceedings{pan2008transfer,
  title={Transfer learning for wifi-based indoor localization},
  author={Pan, Sinno Jialin and Zheng, Vincent Wenchen and Yang, Qiang and Hu, Derek Hao},
  booktitle={Proc. Workshop Transfer Learning for Complex Task of the 23rd Assoc. for the Advancement of Artificial Intelligence (AAAI) Conf. Artificial Intelligence},
  year={2008}
}


@inproceedings{arnold2007comparative,
  title={A comparative study of methods for transductive transfer learning},
  author={Arnold, Andrew and Nallapati, Ramesh and Cohen, William W},
  booktitle={Data Mining Workshops, 2007. ICDM Workshops 2007. Seventh IEEE International Conference on},
  pages={77--82},
  year={2007},
  organization={IEEE}
}
@article{pan2011domain,
  title={Domain adaptation via transfer component analysis},
  author={Pan, Sinno Jialin and Tsang, Ivor W and Kwok, James T and Yang, Qiang},
  journal={Neural Networks, IEEE Transactions on},
  volume={22},
  number={2},
  pages={199--210},
  year={2011},
  publisher={IEEE}
}













